@misc{ wiki_adsortion,
       title = "Wikipedia - Adsortion",
       url = "https://fr.wikipedia.org/wiki/Adsorption",
       }
       
